@article{Romano-2014,
 author = {Romano, Paolo and Palmieri, Roberto and Quaglia, Francesco and Carvalho, Nuno and Rodrigues, Luis},
 title = {On Speculative Replication of Transactional Systems},
 journal = {J. Comput. Syst. Sci.},
 issue_date = {February, 2014},
 volume = {80},
 number = {1},
 month = feb,
 year = {2014},
 issn = {0022-0000},
 pages = {257--276},
 numpages = {20},
 url = {http://dx.doi.org/10.1016/j.jcss.2013.07.006},
 doi = {10.1016/j.jcss.2013.07.006},
 acmid = {2533616},
 publisher = {Academic Press, Inc.},
 address = {Orlando, FL, USA},
 keywords = {Distributed protocols, Fault tolerance, Software transactional memories},
} 


@article{Reddy,
 author = {Reddy, P. Krishna and Kitsuregawa, Masaru},
 title = {Speculative Locking Protocols to Improve Performance for Distributed Database Systems},
 journal = {IEEE Trans. on Knowl. and Data Eng.},
 issue_date = {February 2004},
 volume = {16},
 number = {2},
 month = feb,
 year = {2004},
 issn = {1041-4347},
 pages = {154--169},
 numpages = {16},
 url = {http://dx.doi.org/10.1109/TKDE.2004.1269595},
 doi = {10.1109/TKDE.2004.1269595},
 acmid = {962744},
 publisher = {IEEE Educational Activities Department},
 address = {Piscataway, NJ, USA},
 keywords = {Distributed database, transaction processing, concurrency control, locking, performance evaluation, speculation.},
} 


@article{PROMPT,
 author = {Haritsa, Jayant R. and Ramamritham, Krithi and Gupta, Ramesh},
 title = {The PROMPT Real-Time Commit Protocol},
 journal = {IEEE Trans. Parallel Distrib. Syst.},
 issue_date = {February 2000},
 volume = {11},
 number = {2},
 month = feb,
 year = {2000},
 issn = {1045-9219},
 pages = {160--181},
 numpages = {22},
 url = {http://dx.doi.org/10.1109/71.841752},
 doi = {10.1109/71.841752},
 acmid = {331511},
 publisher = {IEEE Press},
 address = {Piscataway, NJ, USA},
 keywords = {Distributed real-time database, commit protocol, two phase commit, three phase commit, priority inheritance, performance evaluation.},
} 
[download]


@inproceedings{calvin,
  title={Calvin: fast distributed transactions for partitioned database systems},
  author={Thomson, Alexander and Diamond, Thaddeus and Weng, Shu-Chun and Ren, Kun and Shao, Philip and Abadi, Daniel J},
  booktitle={Proceedings of the 2012 ACM SIGMOD International Conference on Management of Data},
  pages={1--12},
  year={2012},
  organization={ACM}
}

@article{thomson2010case,
  title={The case for determinism in database systems},
  author={Thomson, Alexander and Abadi, Daniel J},
  journal={Proceedings of the VLDB Endowment},
  volume={3},
  number={1-2},
  pages={70--80},
  year={2010},
  publisher={VLDB Endowment}
}

@inproceedings{brewer2000towards,
  title={Towards robust distributed systems},
  author={Brewer, Eric A},
  booktitle={PODC},
  volume={7},
  year={2000}
}

@inproceedings{decandia2007dynamo,
  title={Dynamo: amazon's highly available key-value store},
  author={DeCandia, Giuseppe and Hastorun, Deniz and Jampani, Madan and Kakulapati, Gunavardhan and Lakshman, Avinash and Pilchin, Alex and Sivasubramanian, Swaminathan and Vosshall, Peter and Vogels, Werner},
  booktitle={ACM SIGOPS Operating Systems Review},
  volume={41},
  number={6},
  pages={205--220},
  year={2007},
  organization={ACM}
}

@article{lakshman2010cassandra,
  title={Cassandra: a decentralized structured storage system},
  author={Lakshman, Avinash and Malik, Prashant},
  journal={ACM SIGOPS Operating Systems Review},
  volume={44},
  number={2},
  pages={35--40},
  year={2010},
  publisher={ACM}
}

@inproceedings{bravo2014derflow,
  title={Derflow: distributed deterministic dataflow programming for erlang},
  author={Bravo, Manuel and Li, Zhongmiao and Van Roy, Peter and Meiklejohn, Christopher},
  booktitle={Proceedings of the Thirteenth ACM SIGPLAN workshop on Erlang},
  pages={51--60},
  year={2014},
  organization={ACM}
}

@article{briquemont2015CPRDT,
title={Conflict-free Partially Replicated Data Types},
author={Briquemont, Iwan and Bravo, Manuel and Li, Zhongmiao and Van Roy, Peter},
year={2015}
}

@techreport{lamport2005generalized,
  title={Generalized consensus and Paxos},
  author={Lamport, Leslie},
  year={2005},
  institution={Technical Report MSR-TR-2005-33, Microsoft Research}
}


@article{spanner,
  title={Spanner: Googleâ€™s globally distributed database},
  author={Corbett, James C and Dean, Jeffrey and Epstein, Michael and Fikes, Andrew and Frost, Christopher and Furman, Jeffrey John and Ghemawat, Sanjay and Gubarev, Andrey and Heiser, Christopher and Hochschild, Peter and others},
  journal={ACM Transactions on Computer Systems (TOCS)},
  volume={31},
  number={3},
  pages={8},
  year={2013},
  publisher={ACM}
}

@inproceedings{kraska2013mdcc,
  title={MDCC: Multi-data center consistency},
  author={Kraska, Tim and Pang, Gene and Franklin, Michael J and Madden, Samuel and Fekete, Alan},
  booktitle={Proceedings of the 8th ACM European Conference on Computer Systems},
  pages={113--126},
  year={2013},
  organization={ACM}
}

@inproceedings{li2012making,
  title={Making Geo-Replicated Systems Fast as Possible, Consistent when Necessary.},
  author={Li, Cheng and Porto, Daniel and Clement, Allen and Gehrke, Johannes and Pregui{\c{c}}a, Nuno M and Rodrigues, Rodrigo},
  booktitle={OSDI},
  pages={265--278},
  year={2012}
}

@article{helland2009building,
  title={Building on quicksand},
  author={Helland, Pat and Campbell, David},
  journal={arXiv preprint arXiv:0909.1788},
  year={2009}
}

@article{bailis2014coordination,
  title={Coordination avoidance in database systems},
  author={Bailis, Peter and Fekete, Alan and Franklin, Michael J and Ghodsi, Ali and Hellerstein, Joseph M and Stoica, Ion},
  journal={Proceedings of the VLDB Endowment},
  volume={8},
  number={3},
  year={2014}
}

@article{kraska2009consistency,
  title={Consistency Rationing in the Cloud: Pay only when it matters},
  author={Kraska, Tim and Hentschel, Martin and Alonso, Gustavo and Kossmann, Donald},
  journal={Proceedings of the VLDB Endowment},
  volume={2},
  number={1},
  pages={253--264},
  year={2009},
  publisher={VLDB Endowment}
}

@inproceedings{pang2014planet,
  title={PLANET: making progress with commit processing in unpredictable environments},
  author={Pang, Gene and Kraska, Tim and Franklin, Michael J and Fekete, Alan},
  booktitle={Proceedings of the 2014 ACM SIGMOD international conference on Management of data},
  pages={3--14},
  year={2014},
  organization={ACM}
}

@article{pedone2003database,
  title={The database state machine approach},
  author={Pedone, Fernando and Guerraoui, Rachid and Schiper, Andr{\'e}},
  journal={Distributed and Parallel Databases},
  volume={14},
  number={1},
  pages={71--98},
  year={2003},
  publisher={Springer}
}

@book{gray1993transaction,
  title={Transaction processing},
  author={Gray, Jim and Reuter, Andreas},
  year={1993},
  publisher={Morgan Kauf{\'\i}ann Publishers}
}

@book{gabbay1996speculative,
  title={Speculative execution based on value prediction},
  author={Gabbay, Freddy and Mendelson, Avi},
  year={1996},
  publisher={Citeseer}
}

@inproceedings{peluso2012specula,
  title={SPECULA: Speculative Replication of Software Transactional Memory.},
  author={Peluso, Sebastiano and Fernandes, Joao and Romano, Paolo and Quaglia, Francesco and Rodrigues, Luis},
  booktitle={SRDS},
  pages={91--100},
  year={2012}
}

@inproceedings{dynamo,
  title={Dynamo: amazon's highly available key-value store},
  author={DeCandia, Giuseppe and Hastorun, Deniz and Jampani, Madan and Kakulapati, Gunavardhan and Lakshman, Avinash and Pilchin, Alex and Sivasubramanian, Swaminathan and Vosshall, Peter and Vogels, Werner},
  booktitle={ACM SIGOPS Operating Systems Review},
  volume={41},
  number={6},
  pages={205--220},
  year={2007},
  organization={ACM}
}

@incollection{crdt,
  title={Conflict-free replicated data types},
  author={Shapiro, Marc and Pregui{\c{c}}a, Nuno and Baquero, Carlos and Zawirski, Marek},
  booktitle={Stabilization, Safety, and Security of Distributed Systems},
  pages={386--400},
  year={2011},
  publisher={Springer}
}

@inproceedings{dougsla,
 author = {Terry, Douglas B. and Prabhakaran, Vijayan and Kotla, Ramakrishna and Balakrishnan, Mahesh and Aguilera, Marcos K. and Abu-Libdeh, Hussam},
 title = {Consistency-based Service Level Agreements for Cloud Storage},
 booktitle = {Proceedings of the Twenty-Fourth ACM Symposium on Operating Systems Principles},
 series = {SOSP '13},
 year = {2013},
 isbn = {978-1-4503-2388-8},
 location = {Farminton, Pennsylvania},
 pages = {309--324},
 numpages = {16},
 url = {http://doi.acm.org/10.1145/2517349.2522731},
 doi = {10.1145/2517349.2522731},
 acmid = {2522731},
 publisher = {ACM},
 address = {New York, NY, USA},
 keywords = {cloud computing, consistency, replication, service level agreement, storage},
} 

@article{ports2012serializable,
  title={Serializable snapshot isolation in PostgreSQL},
  author={Ports, Dan RK and Grittner, Kevin},
  journal={Proceedings of the VLDB Endowment},
  volume={5},
  number={12},
  pages={1850--1861},
  year={2012},
  publisher={VLDB Endowment}
}
@inproceedings{kim2010scalable,
  title={Scalable speculative parallelization on commodity clusters},
  author={Kim, Hanjun and Raman, Arun and Liu, Feng and Lee, Jae W and August, David I},
  booktitle={Proceedings of the 2010 43rd Annual IEEE/ACM International Symposium on Microarchitecture},
  pages={3--14},
  year={2010},
  organization={IEEE Computer Society}
}

@inproceedings{clocksi,
  title={Clock-SI: Snapshot isolation for partitioned data stores using loosely synchronized clocks},
  author={Du, Jiaqing and Elnikety, Sameh and Zwaenepoel, Willy},
  booktitle={Reliable Distributed Systems (SRDS), 2013 IEEE 32nd International Symposium on},
  pages={173--184},
  year={2013},
  organization={IEEE}
}

@inproceedings{peluso2012score,
  title={Score: A scalable one-copy serializable partial replication protocol},
  author={Peluso, Sebastiano and Romano, Paolo and Quaglia, Francesco},
  booktitle={Proceedings of the 13th International Middleware Conference},
  pages={456--475},
  year={2012},
  organization={Springer-Verlag New York, Inc.}
}

@incollection{2014logical,
  title={Logical physical clocks},
  author={Kulkarni, Sandeep S and Demirbas, Murat and Madappa, Deepak and Avva, Bharadwaj and Leone, Marcelo},
  booktitle={Principles of Distributed Systems},
  pages={17--32},
  year={2014},
  publisher={Springer}
}


%%%%%%%%%%%%%%%
@misc{NTP,
  title = {Network Time Protocol},
  howpublished = {\url{http://www.ntp.org/}}
}

@misc{cockroach,
  title = {Cockroach DB},
  howpublished = {\url{https://www.cockroachlabs.com/}}
}

@misc{riakcore,
  title = {Riak core source code repository},
  howpublished = {\url{http://github.com/basho/riak_core}},
  organization = {Basho Technologies Inc.}
}

@misc{tpcc,
  title = {Tpc benchmark-w specification v. 1.8},
  howpublished = {\url{http://www.tpc.org/tpc_documents_current_versions/pdf/tpc-c_v5.11.0.pdf}},
  organization = {T. consortium}
}

@misc{rubis,
  title = {Rice university bidding system},
  howpublished = {\url{http://rubis.ow2.org/}},
  organization = {C. Emmanuel and M. Julie}
}


@misc{antidote,
  title = {Antidote source code repository},
  howpublished = {\url{https://github.com/SyncFree/antidote}},
  organization = {SyncFree}
}

@misc{postgresql,
  title = {PostgreSQL database},
  howpublished = {\url{http://www.postgresql.org/}},
  organization = {The PostgreSQL Global Development Group}
}

@misc{oracle,
  title = {Oracle database},
  howpublished = {\url{https://www.oracle.com/database/index.html}},
  organization = {Oracle Inc.}
}

%%%%%%%%%%%%%%%%
@article{lamport1978time,
  title={Time, clocks, and the ordering of events in a distributed system},
  author={Lamport, Leslie},
  journal={Communications of the ACM},
  volume={21},
  number={7},
  pages={558--565},
  year={1978},
  publisher={ACM}
}

@incollection{hybridclock,
  title={Logical physical clocks},
  author={Kulkarni, Sandeep S and Demirbas, Murat and Madappa, Deepak and Avva, Bharadwaj and Leone, Marcelo},
  booktitle={Principles of Distributed Systems},
  pages={17--32},
  year={2014},
  publisher={Springer}
}

@article{vincentdesigning,
  title={Designing Distributed Systems Using Approximate Synchrony in Data Center Networks},
  author={Vincent, Dan RK Ports Jialin Li and Krishnamurthy, Liu Naveen Kr Sharma Arvind}
}

@article{bailis2013highly,
  title={Highly available transactions: Virtues and limitations},
  author={Bailis, Peter and Davidson, Aaron and Fekete, Alan and Ghodsi, Ali and Hellerstein, Joseph M and Stoica, Ion},
  journal={Proceedings of the VLDB Endowment},
  volume={7},
  number={3},
  pages={181--192},
  year={2013},
  publisher={VLDB Endowment}
}

@inproceedings{du2014gentlerain,
  title={Gentlerain: Cheap and scalable causal consistency with physical clocks},
  author={Du, Jiaqing and Iorgulescu, C{\u{a}}lin and Roy, Amitabha and Zwaenepoel, Willy},
  booktitle={Proceedings of the ACM Symposium on Cloud Computing},
  pages={1--13},
  year={2014},
  organization={ACM}
}

@inproceedings{berenson1995critique,
  title={A critique of ANSI SQL isolation levels},
  author={Berenson, Hal and Bernstein, Phil and Gray, Jim and Melton, Jim and O'Neil, Elizabeth and O'Neil, Patrick},
  booktitle={ACM SIGMOD Record},
  volume={24},
  number={2},
  pages={1--10},
  year={1995},
  organization={ACM}
}

@inproceedings{peluso2012scalability,
  title={When scalability meets consistency: Genuine multiversion update-serializable partial data replication},
  author={Peluso, Sebastiano and Ruivo, Pedro and Romano, Paolo and Quaglia, Francesco and Rodrigues, Luis},
  booktitle={Distributed Computing Systems (ICDCS), 2012 IEEE 32nd International Conference on},
  pages={455--465},
  year={2012},
  organization={IEEE}
}

@article{rosenkrantz1978system,
  title={System level concurrency control for distributed database systems},
  author={Rosenkrantz, Daniel J and Stearns, Richard E and Lewis II, Philip M},
  journal={ACM Transactions on Database Systems (TODS)},
  volume={3},
  number={2},
  pages={178--198},
  year={1978},
  publisher={ACM}
}

@inproceedings{swiftcloud,
  title={Write fast, read in the past: Causal consistency for client-side applications},
  author={Zawirski, Marek and Pregui{\c{c}}a, Nuno and Duarte, S{\'e}rgio and Bieniusa, Annette and Balegas, Valter and Shapiro, Marc},
  booktitle={Proceedings of the 16th Annual Middleware Conference},
  pages={75--87},
  year={2015},
  organization={ACM}
}

@inproceedings{kim2010scalable,
  title={Scalable speculative parallelization on commodity clusters},
  author={Kim, Hanjun and Raman, Arun and Liu, Feng and Lee, Jae W and August, David I},
  booktitle={Proceedings of the 2010 43rd Annual IEEE/ACM International Symposium on Microarchitecture},
  pages={3--14},
  year={2010},
  organization={IEEE Computer Society}
}

@inproceedings{reducevul,
 author = {Bravo, Manuel and Romano, Paolo and Rodrigues, Lu\'{\i}s and Van Roy, Peter},
 title = {Reducing the Vulnerability Window in Distributed Transactional Protocols},
 booktitle = {Proceedings of the First Workshop on Principles and Practice of Consistency for Distributed Data},
 series = {PaPoC '15},
 year = {2015},
 isbn = {978-1-4503-3537-9},
 location = {Bordeaux, France},
 pages = {10:1--10:4},
 articleno = {10},
 numpages = {4},
 url = {http://doi.acm.org/10.1145/2745947.2746688},
 doi = {10.1145/2745947.2746688},
 acmid = {2746688},
 publisher = {ACM},
 address = {New York, NY, USA},
 keywords = {abort rate, concurrency control, hybrid clocks, snapshot isolation, transactional protocols},
}

@article{mahmoud2013low,
  title={Low-latency multi-datacenter databases using replicated commit},
  author={Mahmoud, Hatem and Nawab, Faisal and Pucher, Alexander and Agrawal, Divyakant and El Abbadi, Amr},
  journal={Proceedings of the VLDB Endowment},
  volume={6},
  number={9},
  pages={661--672},
  year={2013},
  publisher={VLDB Endowment}
}


@inproceedings{terry2013consistency,
  title={Consistency-based service level agreements for cloud storage},
  author={Terry, Douglas B and Prabhakaran, Vijayan and Kotla, Ramakrishna and Balakrishnan, Mahesh and Aguilera, Marcos K and Abu-Libdeh, Hussam},
  booktitle={Proceedings of the Twenty-Fourth ACM Symposium on Operating Systems Principles},
  pages={309--324},
  year={2013},
  organization={ACM}
}




@inproceedings{transactionchain,
  title={Transaction chains: achieving serializability with low latency in geo-distributed storage systems},
  author={Zhang, Yang and Power, Russell and Zhou, Siyuan and Sovran, Yair and Aguilera, Marcos K and Li, Jinyang},
  booktitle={Proceedings of the Twenty-Fourth ACM Symposium on Operating Systems Principles},
  pages={276--291},
  year={2013},
  organization={ACM}
}

@inproceedings{elnikety2005database,
  title={Database replication using generalized snapshot isolation},
  author={Elnikety, Sameh and Pedone, Fernando and Zwaenepoel, Willy},
  booktitle={Reliable Distributed Systems, 2005. SRDS 2005. 24th IEEE Symposium on},
  pages={73--84},
  year={2005},
  organization={IEEE}
}

@article{korth1990optimistic,
  title={An Optimistic Commit Protocol for Distributed Transaction Management},
  author={Korth, Henry F and Levy, Eliezer and Silberschatz, Avi},
  year={1990},
  publisher={University of Texas at Austin}
}

@inproceedings{palmieri2010aggro,
  title={Aggro: Boosting stm replication via aggressively optimistic transaction processing},
  author={Palmieri, Roberto and Quaglia, Francesco and Romano, Paolo},
  booktitle={Network Computing and Applications (NCA), 2010 9th IEEE International Symposium on},
  pages={20--27},
  year={2010},
  organization={IEEE}
}

@inproceedings{carvalho2011scert,
  title={SCert: Speculative certification in replicated software transactional memories},
  author={Carvalho, Nuno and Romano, Paolo and Rodrigues, Lu{\'\i}s},
  booktitle={Proceedings of the 4th Annual International Conference on Systems and Storage},
  pages={10},
  year={2011},
  organization={ACM}
}

@inproceedings{baker2011megastore,
  title={Megastore: Providing Scalable, Highly Available Storage for Interactive Services.},
  author={Baker, Jason and Bond, Chris and Corbett, James C and Furman, JJ and Khorlin, Andrey and Larson, James and Leon, Jean-Michel and Li, Yawei and Lloyd, Alexander and Yushprakh, Vadim},
  booktitle={CIDR},
  volume={11},
  pages={223--234},
  year={2011}
}

@article{paiva2014autoplacer,
 author = {Paiva, Jo\~{a}o and Ruivo, Pedro and Romano, Paolo and Rodrigues, Lu\'{\i}s},
 title = {AutoPlacer: Scalable Self-Tuning Data Placement in Distributed Key-Value Stores},
 journal = {ACM Trans. Auton. Adapt. Syst.},
 issue_date = {January 2015},
 volume = {9},
 number = {4},
 month = dec,
 year = {2014},
 issn = {1556-4665},
 pages = {19:1--19:30},
 articleno = {19},
 numpages = {30},
 url = {http://doi.acm.org/10.1145/2641573},
 doi = {10.1145/2641573},
 acmid = {2641573},
 publisher = {ACM},
 address = {New York, NY, USA},
 keywords = {Distributed data management, data placement, machine learning, probabilistic algorithms},
} 

@inproceedings{tashkent,
  title={Tashkent+: memory-aware load balancing and update filtering in replicated databases},
  author={Elnikety, Sameh and Dropsho, Steven and Zwaenepoel, Willy},
  booktitle={ACM SIGOPS Operating Systems Review},
  volume={41},
  number={3},
  pages={399--412},
  year={2007},
  organization={ACM}
}

@inproceedings{bettina-partial,
  title={Boosting database replication scalability through partial replication and 1-copy-snapshot-isolation},
  author={Serrano, Dami{\'a}n and Pati{\~n}o-Mart{\'\i}nez, Marta and Jim{\'e}nez-Peris, Ricardo and Kemme, Bettina},
  booktitle={Dependable Computing, 2007. PRDC 2007. 13th Pacific Rim International Symposium on},
  pages={290--297},
  year={2007},
  organization={IEEE}
}

@article{brewer2012cap,
  title={CAP twelve years later: How the" rules" have changed},
  author={Brewer, Eric},
  journal={Computer},
  volume={45},
  number={2},
  pages={23--29},
  year={2012},
  publisher={IEEE}
}

@article{bailis2013eventual,
  title={Eventual consistency today: Limitations, extensions, and beyond},
  author={Bailis, Peter and Ghodsi, Ali},
  journal={Communications of the ACM},
  volume={56},
  number={5},
  pages={55--63},
  year={2013},
  publisher={ACM}
}

@inproceedings{cecchet2008middleware,
  title={Middleware-based database replication: the gaps between theory and practice},
  author={Cecchet, Emmanuel and Candea, George and Ailamaki, Anastasia},
  booktitle={Proceedings of the 2008 ACM SIGMOD international conference on Management of data},
  pages={739--752},
  year={2008},
  organization={ACM}
}

@article{shute2013f1,
  title={F1: A distributed SQL database that scales},
  author={Shute, Jeff and Vingralek, Radek and Samwel, Bart and Handy, Ben and Whipkey, Chad and Rollins, Eric and Oancea, Mircea and Littlefield, Kyle and Menestrina, David and Ellner, Stephan and others},
  journal={Proceedings of the VLDB Endowment},
  volume={6},
  number={11},
  pages={1068--1079},
  year={2013},
  publisher={VLDB Endowment}
}

@inproceedings{shute2012f1,
  title={F1: the fault-tolerant distributed RDBMS supporting google's ad business},
  author={Shute, Jeff and Oancea, Mircea and Ellner, Stephan and Handy, Ben and Rollins, Eric and Samwel, Bart and Vingralek, Radek and Whipkey, Chad and Chen, Xin and Jegerlehner, Beat and others},
  booktitle={Proceedings of the 2012 ACM SIGMOD International Conference on Management of Data},
  pages={777--778},
  year={2012},
  organization={ACM}
}

@inproceedings{schurman2009user,
  title={The user and business impact of server delays, additional bytes, and HTTP chunking in web search},
  author={Schurman, Eric and Brutlag, Jake},
  booktitle={Velocity Web Performance and Operations Conference},
  year={2009}
}

@inproceedings{bravoclock,
 author = {Bravo, Manuel and Romano, Paolo and Rodrigues, Lu\'{\i}s and Van Roy, Peter},
 title = {Reducing the Vulnerability Window in Distributed Transactional Protocols},
 booktitle = {Proceedings of the First Workshop on Principles and Practice of Consistency for Distributed Data},
 series = {PaPoC '15},
 year = {2015},
 isbn = {978-1-4503-3537-9},
 location = {Bordeaux, France},
 pages = {10:1--10:4},
 articleno = {10},
 numpages = {4},
 url = {http://doi.acm.org/10.1145/2745947.2746688},
 doi = {10.1145/2745947.2746688},
 acmid = {2746688},
 publisher = {ACM},
 address = {New York, NY, USA},
 keywords = {abort rate, concurrency control, hybrid clocks, snapshot isolation, transactional protocols},
} 

@inproceedings{schiper2010p,
  title={P-store: Genuine partial replication in wide area networks},
  author={Schiper, Nicolas and Sutra, Pierre and Pedone, Fernando},
  booktitle={Reliable Distributed Systems, 2010 29th IEEE Symposium on},
  pages={214--224},
  year={2010},
  organization={IEEE}
}

@book{weikum2001transactional,
  title={Transactional information systems: theory, algorithms, and the practice of concurrency control and recovery},
  author={Weikum, Gerhard and Vossen, Gottfried},
  year={2001},
  publisher={Elsevier}
}

@article{akkoorath2016cure,
  title={Cure: Strong semantics meets high availability and low latency},
  author={Akkoorath, Deepthi Devaki and Tomsic, Alejandro and Bravo, Manuel and Li, Zhongmiao and Crain, Tyler and Bieniusa, Annette and Pregui{\c{c}}a, Nuno and Shapiro, Marc},
  year={2016},
  school={INRIA; Paris 6}
}

@inproceedings{lloyd2011don,
  title={Don't settle for eventual: scalable causal consistency for wide-area storage with COPS},
  author={Lloyd, Wyatt and Freedman, Michael J and Kaminsky, Michael and Andersen, David G},
  booktitle={Proceedings of the Twenty-Third ACM Symposium on Operating Systems Principles},
  pages={401--416},
  year={2011},
  organization={ACM}
}

@inproceedings{kawell1988replicated,
  title={Replicated document management in a group communication system},
  author={Kawell Jr, Leonard and Beckhardt, Steven and Halvorsen, Timothy and Ozzie, Raymond and Greif, Irene},
  booktitle={Proceedings of the 1988 ACM conference on Computer-supported cooperative work},
  pages={395},
  year={1988},
  organization={ACM}
}

@inproceedings{xie2014salt,
  title={Salt: Combining ACID and BASE in a distributed database},
  author={Xie, Chao and Su, Chunzhi and Kapritsos, Manos and Wang, Yang and Yaghmazadeh, Navid and Alvisi, Lorenzo and Mahajan, Prince},
  booktitle={11th USENIX Symposium on Operating Systems Design and Implementation (OSDI 14)},
  pages={495--509},
  year={2014}
}

@article{bestavros1996value,
  title={Value-cognizant speculative concurrency control for real-time databases},
  author={Bestavros, Azer and Braoudakis, Spyridon},
  journal={Information Systems},
  volume={21},
  number={1},
  pages={75--101},
  year={1996},
  publisher={Elsevier}
}

@inproceedings{scatter,
  title={Scalable consistency in Scatter},
  author={Glendenning, Lisa and Beschastnikh, Ivan and Krishnamurthy, Arvind and Anderson, Thomas},
  booktitle={Proceedings of the Twenty-Third ACM Symposium on Operating Systems Principles},
  pages={15--28},
  year={2011},
  organization={ACM}
}

@inproceedings{zhang2013transaction,
  title={Transaction chains: achieving serializability with low latency in geo-distributed storage systems},
  author={Zhang, Yang and Power, Russell and Zhou, Siyuan and Sovran, Yair and Aguilera, Marcos K and Li, Jinyang},
  booktitle={Proceedings of the Twenty-Fourth ACM Symposium on Operating Systems Principles},
  pages={276--291},
  year={2013},
  organization={ACM}
}

@inproceedings{sovran2011transactional,
  title={Transactional storage for geo-replicated systems},
  author={Sovran, Yair and Power, Russell and Aguilera, Marcos K and Li, Jinyang},
  booktitle={Proceedings of the Twenty-Third ACM Symposium on Operating Systems Principles},
  pages={385--400},
  year={2011},
  organization={ACM}
}


@inproceedings{diegues2013bumper,
  title={Bumper: Sheltering transactions from conflicts},
  author={Diegues, Nuno Louren{\c{c}}o and Romano, Paolo},
  booktitle={2013 IEEE 32nd International Symposium on Reliable Distributed Systems},
  pages={185--194},
  year={2013},
  organization={IEEE}
}

@inproceedings {icg,
	author = {Rachid Guerraoui and Matej Pavlovic and Dragos-Adrian Seredinschi},
	title = {Incremental Consistency Guarantees for Replicated Objects},
	booktitle = {12th USENIX Symposium on Operating Systems Design and Implementation (OSDI 16)},
	year = {2016},
	address = {GA},
	url = {https://www.usenix.org/conference/osdi16/technical-sessions/presentation/guerraoui},
	publisher = {USENIX Association},
}

@article{brewer2012cap,
  title={CAP twelve years later: How the" rules" have changed},
  author={Brewer, Eric},
  journal={Computer},
  volume={45},
  number={2},
  pages={23--29},
  year={2012},
  publisher={IEEE}
}

@INPROCEEDINGS{cure, 
author={D. D. Akkoorath and A. Z. Tomsic and M. Bravo and Z. Li and T. Crain and A. Bieniusa and N. Preguiça and M. Shapiro}, 
booktitle={2016 IEEE 36th International Conference on Distributed Computing Systems (ICDCS)}, 
title={Cure: Strong Semantics Meets High Availability and Low Latency}, 
year={2016}, 
pages={405-414}, 
keywords={application program interfaces;cloud computing;CAP theorem;Cure;NoSQL databases;NoSQL-style AP databases;atomicity;causal consistency;classical CP databases;cloud-scale applications;developer friendly API;high-level data types;latency;multikey updates;parallelism;strong semantics;Clocks;Convergence;Databases;Programming;Protocols;Semantics;Servers}, 
doi={10.1109/ICDCS.2016.98}, 
ISSN={1063-6927}, 
month={June},}

@techreport{guerraoui2007opacity,
  title={Opacity: A correctness condition for transactional memory},
  author={Guerraoui, Rachid and Kapalka, Michal},
  year={2007}
}

@inproceedings{berenson1995critique,
  title={A critique of ANSI SQL isolation levels},
  author={Berenson, Hal and Bernstein, Phil and Gray, Jim and Melton, Jim and O'Neil, Elizabeth and O'Neil, Patrick},
  booktitle={ACM SIGMOD Record},
  volume={24},
  number={2},
  pages={1--10},
  year={1995},
  organization={ACM}
}
